%% This BibTeX bibliography file was created using BibDesk.
%% http://bibdesk.sourceforge.net/


%% Created for Daniel at 2011-12-10 21:17:32 -0600 

%% Saved with string encoding Unicode (UTF-8) 

@inproceedings{Aumuller:2013:OPD:2525857.2525862,
 author = {Aum\"{u}ller, Martin and Dietzfelbinger, Martin},
 title = {Optimal Partitioning for Dual Pivot Quicksort},
 booktitle = {Proceedings of the 40th International Conference on Automata, Languages, and Programming - Volume Part I},
 series = {ICALP'13},
 year = {2013},
 isbn = {978-3-642-39205-4},
 location = {Riga, Latvia},
 pages = {33--44},
 numpages = {12},
 url = {http://dx.doi.org/10.1007/978-3-642-39206-1_4},
 doi = {10.1007/978-3-642-39206-1_4},
 acmid = {2525862},
 publisher = {Springer-Verlag},
 address = {Berlin, Heidelberg},
} 

@article{sedgewick1977analysis,
  title={The analysis of quicksort programs},
  author={Sedgewick, Robert},
  journal={Acta Informatica},
  volume={7},
  number={4},
  pages={327--355},
  year={1977},
  publisher={Springer}
}

@article{knessl1999quicksort,
  title={Quicksort Algorithm Again Revisited.},
  author={Knessl, Charles and Szpankowski, Wojciech},
  journal={Discrete Mathematics \& Theoretical Computer Science},
  volume={3},
  number={2},
  pages={43--64},
  year={1999}
}

@inproceedings{Wild:2012:ACA:2404160.2404231,
 author = {Wild, Sebastian and Nebel, Markus E.},
 title = {Average Case Analysis of Java 7's Dual Pivot Quicksort},
 booktitle = {Proceedings of the 20th Annual European Conference on Algorithms},
 series = {ESA'12},
 year = {2012},
 isbn = {978-3-642-33089-6},
 location = {Ljubljana, Slovenia},
 pages = {825--836},
 numpages = {12},
 url = {http://dx.doi.org/10.1007/978-3-642-33090-2_71},
 doi = {10.1007/978-3-642-33090-2_71},
 acmid = {2404231},
 publisher = {Springer-Verlag},
 address = {Berlin, Heidelberg},
} 

@article{wild2013analysis,
  title={Analysis of Quickselect under Yaroslavskiy's Dual-Pivoting Algorithm},
  author={Wild, Sebastian and Nebel, Markus E and Mahmoud, Hosam},
  journal={arXiv preprint arXiv:1306.3819},
  year={2013}
}

@article{kushagra2013multi,
  title={Multi-Pivot Quicksort: Theory and Experiments},
  author={Kushagra, Shrinu and L{\'o}pez-Ortiz, Alejandro and Qiao, Aurick and Munro, J Ian},
  year={2013},
  publisher={SIAM}
}


@misc{edmondson2007multiple,
  title={Multiple Pivot Sorting Algorithm},
  author={Edmondson, J.},
  url={https://www.google.com/patents/US20070088699},
  year={2007},
  month=apr # "~19",
  publisher={Google Patents},
  note={US Patent App. 11/163,427}
}

<<<<<<< Updated upstream
@article{Hoare01011962,
author = {Hoare, C. A. R.}, 
title = {Quicksort},
volume = {5}, 
number = {1}, 
pages = {10-16}, 
year = {1962}, 
doi = {10.1093/comjnl/5.1.10}, 
abstract ={A description is given of a new method of sorting in the random-access store of a computer. The method compares very favourably with other known methods in speed, in economy of storage, and in ease of programming. Certain refinements of the method, which may be useful in the optimization of inner loops, are described in the second part of the paper.}, 
URL = {http://comjnl.oxfordjournals.org/content/5/1/10.abstract}, 
eprint = {http://comjnl.oxfordjournals.org/content/5/1/10.full.pdf+html}, 
journal = {The Computer Journal} 
}

@misc{sortingSlides,
author={Sedgewick, Robert and Wayne, Kevin },
year={2007},
url={http://www.cs.princeton.edu/courses/archive/spr07/cos226/lectures/05AdvancedSorts.pdf},
title={Advanced Topics in Sorting}
}

@book{Cormen:2001:IA:580470,
 author = {Cormen, Thomas H. and Stein, Clifford and Rivest, Ronald L. and Leiserson, Charles E.},
 title = {Introduction to Algorithms},
 year = {2001},
 isbn = {0070131511},
 edition = {2nd},
 publisher = {McGraw-Hill Higher Education},
} 
=======
@book{bevington1969data,
  title={Data reduction and error analysis for the physical sciences},
  author={Bevington, P.R.},
  lccn={69017142},
  url={http://books.google.ca/books?id=Z99QAAAAMAAJ},
  year={1969},
  publisher={McGraw-Hill}
}

>>>>>>> Stashed changes
